<record><leader>00000cas a2200000 a 4500</leader><controlfield tag="001">743240463</controlfield><controlfield tag="008">110728d1893uuuuoruwr ne      0    0eng c</controlfield><datafield ind1=" " ind2=" " tag="010"><subfield code="a">  2011260117</subfield></datafield><datafield ind1=" " ind2=" " tag="040"><subfield code="a">ORU</subfield><subfield code="b">eng</subfield><subfield code="c">ORU</subfield><subfield code="d">ORU</subfield><subfield code="d">OCLCF</subfield><subfield code="d">ORU</subfield></datafield><datafield ind1=" " ind2=" " tag="042"><subfield code="a">pcc</subfield></datafield><datafield ind1=" " ind2=" " tag="043"><subfield code="a">n-us-or</subfield></datafield><datafield ind1="0" ind2=" " tag="130"><subfield code="a">Oregon independent (Salem, Or.)</subfield></datafield><datafield ind1="1" ind2="4" tag="245"><subfield code="a">The Oregon independent.</subfield></datafield><datafield ind1="3" ind2=" " tag="246"><subfield code="a">Oregon semi-weekly independent</subfield></datafield><datafield ind1=" " ind2=" " tag="260"><subfield code="a">Salem, Or. :</subfield><subfield code="b">Independent Publishing Co. (Incorporated),</subfield><subfield code="c">1893-</subfield></datafield><datafield ind1=" " ind2=" " tag="300"><subfield code="a">v.</subfield></datafield><datafield ind1=" " ind2=" " tag="310"><subfield code="a">Weekly,</subfield><subfield code="b">&lt;Oct. 1996-&gt;</subfield></datafield><datafield ind1=" " ind2=" " tag="321"><subfield code="a">Semi-weekly,</subfield><subfield code="b">&lt;-1993&gt;</subfield></datafield><datafield ind1="1" ind2=" " tag="362"><subfield code="a">Began with Vol. 1, No. 1 (Mar. 14, 1893).</subfield></datafield><datafield ind1=" " ind2=" " tag="500"><subfield code="a">The word "semi-weekly" appears over the masthead ornament, Mar. 14, 1993-&lt;Dec. 22, 1993&gt;.</subfield></datafield><datafield ind1=" " ind2=" " tag="500"><subfield code="a">Publisher varies.</subfield></datafield><datafield ind1=" " ind2=" " tag="530"><subfield code="a">Also available on microfilm from University of Oregon.</subfield></datafield><datafield ind1=" " ind2=" " tag="580"><subfield code="a">Daily edition: Oregon independent (Salem, Or.).</subfield></datafield><datafield ind1=" " ind2=" " tag="588"><subfield code="a">Description based on:  Vol. 1, No. 1 (Mar. 14, 1893); title from masthead.</subfield></datafield><datafield ind1=" " ind2=" " tag="588"><subfield code="a">Latest issue consulted: Vol. 4, No. 34 (Oct. 22, 1896).</subfield></datafield><datafield ind1=" " ind2="0" tag="651"><subfield code="a">Salem (Or.)</subfield><subfield code="v">Newspapers.</subfield></datafield><datafield ind1=" " ind2="7" tag="651"><subfield code="a">Oregon</subfield><subfield code="z">Salem.</subfield><subfield code="2">fast</subfield><subfield code="0">(OCoLC)fst01202924</subfield></datafield><datafield ind1=" " ind2="7" tag="655"><subfield code="a">Newspapers.</subfield><subfield code="2">fast</subfield><subfield code="0">(OCoLC)fst01423814</subfield></datafield><datafield ind1=" " ind2=" " tag="752"><subfield code="a">United States</subfield><subfield code="b">Oregon</subfield><subfield code="c">Marion</subfield><subfield code="d">Salem.</subfield></datafield><datafield ind1="1" ind2=" " tag="775"><subfield code="t">Daily independent (Salem, Or.)</subfield><subfield code="w">(DLC)  2011260116</subfield><subfield code="w">(CoLC)743249386</subfield></datafield></record>